%%% ARDUINO MEGA

@misc{megadescription,
    author = {Arduino},
    title = {{Arduino Mega 2560 Rev 3} Overview},
    year = 2023,
    url = {https://store.arduino.cc/products/arduino-mega-2560-rev3},
    urldate = {2023-2-14}
}

@manual{mega,
    organization = "Arduino",
    title = "Arduino Mega 2560 Rev 3 Product Reference Manual",
    number = "Arduino Mega 2560 Rev 3",
    year = 2023,
    month = 2,
    note = "SKU A000067"
}

@manual{atmega2560,
    organization = "Atmel",
    title = "Atmel ATmega640/V-1280/V-1281/V-2560/V-2561/V Datasheet",
    number = "Atmel ATmega640/V-1280/V-1281/V-2560/V-2561/V",
    year = 2014,
    month = 2,
    note = "2549Q–AVR–02/2014"
}

%%% ARDUINO MICRO

@misc{microdescription,
    author = {Arduino},
    title = {{Arduino Micro} Overview},
    year = 2023,
    url = {https://store-usa.arduino.cc/collections/boards/products/arduino-micro},
    urldate = {2023-2-14}
}

@manual{atmega32u4,
    organization = "Atmel",
    title = "ATmega16U4/ATmega32U4 Datasheet",
    number = "ATmega16U4/ATmega32U4",
    year = 2016,
    month = 4,
    note = "Atmel-7766J-USB-ATmega16U4/32U4-Datasheet_04/2016"
}

%%% ARDUINO UNO

@misc{unodescription,
    author = {Arduino},
    title = {{Arduino UNO Rev 3} Overview},
    year = 2023,
    url = {https://store.arduino.cc/products/arduino-uno-rev3},
    urldate = {2023-2-14}
}

@manual{uno,
    organization = "Arduino",
    title = "Arduino UNO Rev 3 Product Reference Manual",
    number = "Arduino UNO Rev 3",
    year = 2023,
    month = 2,
    note = "SKU A000066"
}

@manual{atmega328p,
    organization = "Atmel",
    title = "ATmega328P Datasheet",
    number = "ATmega328P",
    year = 2015,
    month = 1,
    note = "7810D-AVR-01/15"
}

%%% MISC

@misc{whyarduino,
    author = {Arduino.cc},
    title = {What is Arduino?},
    year = 2018,
    url = {https://www.arduino.cc/en/Guide/Introduction},
    urldate = {2023-2-20}
}

@misc{whystm,
    author = {STMicroelectronics},
    title = {STM32 Microcontrollers},
    year = 2023,
    url = {https://www.st.com/en/microcontrollers-microprocessors/stm32-32-bit-arm-cortex-mcus.html},
    urldate = {2023-2-20}
}

@misc{stmcube,
    author = {STMicroelectronics},
    title = {STM32CubeIDE},
    year = 2023,
    url = {https://www.st.com/en/development-tools/stm32cubeide.html},
    urldate = {2023-2-20}
}

@misc{arduinoide,
    author = {Arduino.cc},
    title = {Getting Started with Arduino IDE 2.0},
    year = 2023,
    url = {https://docs.arduino.cc/software/ide-v2/tutorials/getting-started-ide-v2},
    urldate = {2023-2-20}
}

@misc{arduinolang,
    author = {Arduino.cc},
    title = {Arduino Reference},
    year = 2023,
    url = {https://www.arduino.cc/reference/en/},
    urldate = {2023-2-20}
}

%%% BPS Flight Computers

@misc{bpssignal,
    author = {BPS.space},
    title = {{BPS.space Signal V2} Product Description},
    year = 2023,
    url = {https://bps.space/products/signal-r2},
    urldate = {2023-2-14}
}

@misc{ava,
    author = {BPS.space},
    title = {The AVA Flight Computer},
    year = 2020,
    url = {https://www.youtube.com/watch?v=qaWvCy2DRSA},
    urldate = {2023-2-14}
}

%%% EASYMINI

@misc{easymini,
    author = {AltusMetrum},
    title = {{Easy Mini} Product Description},
    year = 2022,
    url = {https://altusmetrum.org/EasyMini/},
    urldate = {2023-2-14}
}

@misc{easyminiapogee,
    author = {Apogee Robotics},
    title = {{Easy Mini} Product Description},
    year = 2022,
    url = {https://www.apogeerockets.com/Electronics-Payloads/Dual-Deployment/EasyMini},
    urldate = {2023-2-14}
}

%%% EASYMEGA

@misc{easymega,
    author = {AltusMetrum},
    title = {{Easy Mega} Product Description},
    year = 2021,
    url = {https://altusmetrum.org/EasyMega/},
    urldate = {2023-2-14}
}

@misc{easymegaapogee,
    author = {Apogee Robotics},
    title = {{Easy Mega} Product Description},
    year = 2021,
    url = {https://www.apogeerockets.com/Electronics-Payloads/Dual-Deployment/EasyMega},
    urldate = {2023-2-14}
}

%%% TELEMETRUM

@misc{telemetrum,
    author = {AltusMetrum},
    title = {{TeleMetrum} Product Description},
    year = 2020,
    url = {https://altusmetrum.org/TeleMetrum/},
    urldate = {2023-2-14}
}

@misc{telemetrumapogee,
    author = {Apogee Rockets},
    title = {{TeleMetrum} Product Description},
    year = 2023,
    url = {https://www.apogeerockets.com/Electronics-Payloads/Altimeters/TeleMetrum},
    urldate = {2023-2-14}
}

%%% TELEMEGA

@misc{telemega,
    author = {AltusMetrum},
    title = {{TeleMega} Product Description},
    year = 2020,
    url = {https://altusmetrum.org/TeleMega/},
    urldate = {2023-2-14}
}

@misc{telemegaapogee,
    author = {Apogee Rockets},
    title = {{Easy Mega} Product Description},
    year = 2023,
    url = {https://www.apogeerockets.com/Electronics-Payloads/Altimeters/TeleMega},
    urldate = {2023-2-14}
}

%%% ALTUS METRUM PROJECTS

@manual{altusmetrum,
    organization = "AltusMetrum",
    title = "Owner's Manual",
    number = "Altus Metrum",
    year = 2023,
    month = 2,
    note = "v1.9.14"
}

%%% Software

@misc{easyeda,
    author = {EasyEDA},
    title = {EasyEDA},
    year = 2023,
    url = {https://easyeda.com},
    urldate = {2023-2-14}
}

%%% ICS

@manual{mpu6050,
    organization = "InvenSense",
    title = "MPU-6000 and MPU-6050 Product Specification",
    number = "MPU-6050",
    year = 2013,
    month = 8,
    note = "Revision 3.4"
}

@misc{mpu6050sparkfun,
    author = {Sparkfun},
    title = {SparkFun Triple Axis Accelerometer and Gyro Breakout },
    year = 2023,
    url = {https://www.sparkfun.com/products/11028},
    urldate = {2023-2-14}
}

@manual{mpl3115,
    organization = "NXP",
    title = "MPL3115A2 I2C precision pressure sensor with altimetry",
    number = "MPL3115A2",
    year = 2018,
    month = 12,
    note = "Revision 8"
}

@misc{mpl3115adafruit,
    author = {Adafruit},
    title = {Adafruit MPL3115A2 - I2C Barometric Pressure/Altitude/Temperature Sensor},
    year = 2023,
    url = {https://www.adafruit.com/product/1893},
    urldate = {2023-2-14}
}

@manual{bmp280,
    organization = "Bosch",
    title = "BMP280 Digital Pressure Sensor",
    number = "BMP280",
    year = 2015,
    month = 5,
    note = "Revision 1.14"
}

@misc{bmp280adafruit,
    author = {Adafruit},
    title = {Adafruit BMP280 I2C or SPI Barometric Pressure & Altitude Sensor - STEMMA QT},
    year = 2023,
    url = {https://www.adafruit.com/product/1893},
    urldate = {2023-2-14}
}

@manual{ms5607,
    organization = "TE Connectivity",
    title = "MS5607-02BA03 Barometric Pressure Sensor, with stainless steel cap",
    number = "MS5607",
    year = 2020,
    month = 11,
    note = "TE CONNECTIVITY SENSORS ///MS5607-02BA03"
}

@misc{ms5607parallax,
    author = {Parallax},
    title = {Altimeter Module MS5607},
    year = 2023,
    url = {https://www.parallax.com/product/altimeter-module-ms5607/},
    urldate = {2023-2-14}
}

@manual{mpu9250 ,
    organization = "InvenSense",
    title = "MPU-9250 Product Specification",
    number = "MPU-9250",
    year = 2016,
    month = 6,
    note = "Revision 1.1"
}

@misc{mpu9250sparkfun,
    author = {Sparkfun},
    title = {SparkFun Triple Axis Accelerometer and Gyro Breakout},
    year = 2023,
    url = {https://www.sparkfun.com/products/11028},
    urldate = {2023-2-14}
}

@manual{ADXL375 ,
    organization = "Analog Devices",
    title = "ADXL375 3-Axis, ±200 g Digital MEMS Accelerometer",
    number = "ADXL375",
    year = 2018,
    month = 7,
    note = "Revision 0"
}

@misc{adxl375adevices,
    author = {Analog Devices},
    title = {ADXL375 3-Axis, ±200 g Digital MEMS Accelerometer},
    year = 2023,
    url = {https://www.analog.com/en/products/adxl375.html#product-overview},
    urldate = {2023-2-14}
}

@manual{bmx160,
    organization = "Bosch",
    title = "BMX160 Small, low power 9-axis sensor",
    number = "BMP280",
    year = 2018,
    month = 5,
    note = "Revision 1.1"
}

@misc{bmx160dfrobot,
    author = {dfrobot},
    title = {Fermion: BMX160 9-axis Sensor },
    year = 2023,
    url = {https://www.dfrobot.com/product-2141.html},
    urldate = {2023-2-14}
}

@misc{max8q,
    author = {u-blox},
    title = {MAX-8 series u-blox 8 GNSS modules},
    year = 2023,
    url = {https://www.u-blox.com/en/product/max-8-series},
    urldate = {2023-2-14}
}

@manual{l76,
    organization = "Quectel",
    title = "Quectel L76 Compact GNSS Module",
    number = "L76",
    year = 2018,
    month = 5,
    note = "Revision 1"
}

@manual{ao3400,
    organization = "Alpha and Omega Semiconductors",
    title = "AO3400 30V N-Channel MOSFET",
    number = "AO3400",
    year = 2011,
    month = 12,
    note = "Revision 8"
}

@manual{txs0108,
    organization = "Texas Instruments",
    title = "TXS0108E8-Bit Bi-directional, Level-Shifting, VoltageTranslator for Open-DrainandPush-Pull Applications",
    number = "TXS0108E",
    year = 2007,
    month = 12,
    note = "REVISED MAY 2020"
}

@manual{w25q64,
    organization = "Windbond",
    title = "W25Q64JV 3V 64M-BIT SERIAL FLASH MEMORY WITH DUAL, QUAD SPI",
    number = "W25Q64JV",
    year = 2021,
    month = 3,
    note = "Revision K"
}

@manual{e220,
    organization = "EBYTE",
    title = "E220-900T22D",
    number = "E220-900T22D",
    year = 2022,
    month = 3,
    note = "E220-900T22D"
}